%% LaTeX2e file `Bibliographie.bib'
%% generated by the `filecontents' environment
%% from source `Presentation' on 2017/06/03.
%%
@article{naitamor2013characteristics,
 title={Characteristics of long recovery early VLF events observed by the North African AWESOME Network},
 author={NaitAmor, S and Cohen, MB and Cotts, BRT and Ghalila, H and AlAbdoadaim, MA and Graf, K},
 journal={Journal of Geophysical Research: Space Physics},
 volume={118},
 number={8},
 pages={5215--5222},
 year={2013},
 publisher={Wiley Online Library}
 }
